@phdthesis{fahs2020proximity,
  title={Proximity-Aware Replicas Management in Geo-Distributed Fog Computing Platforms},
  author={Fahs, Ali},
  year={2020},
  school={Universit{\'e} de Rennes 1}
}

@Unpublished{Flexera,
  author =	 {{Flexera}},
  title =	 {RightScale State of The Cloud Report 2019},
  note =	 {\url{https://bit.ly/RightScaleReport}},
  year = 2019
}

@Unpublished{d41,
  author =	 {{MORPHEMIC}},
  title =	 {D4.1: Architecture of pre-processor and proactive reconfiguration},
  note =	 {\url{https://bit.ly/mor-d-4-1}},
  year = 2021
}

@Unpublished{d53,
  author =	 {MORPHEMIC},
  title =	 {{D5.3: Deployment artefact manager}},
  note =	 {\url{https://bit.ly/mor-d-5-3}},
  year = 2021
}

@article{ahmed2019fog,
  title={Fog computing applications: Taxonomy and requirements},
  author={Ahmed, Arif and Arkian, HamidReza and Battulga, Davaadorj and Fahs, Ali J. and Farhadi, Mozhdeh and Giouroukis, Dimitrios and Gougeon, Adrien and Gutierrez, Felipe Oliveira and Pierre, Guillaume and Souza Jr, Paulo R and  Tamiru, Mulugeta Ayalew and  Wu, Li},
  journal={arXiv preprint arXiv:1907.11621},
  year={2019}
}

@inproceedings{fahs2020voila,
  title={Voil{\`a}: Tail-latency-aware fog application replicas autoscaler},
  author={Fahs, Ali J. and Pierre, Guillaume and Elmroth, Erik},
  booktitle={Proceedings of the IEEE Symposium on Modelling, Analysis, and Simulation of Computer and Telecommunication Systems (MASCOTS)},
  year={2020}
}

@inproceedings{bonomi2012fog,
  title =  {Fog computing and its role in the Internet of
                  Things},
  author =   {Bonomi, Flavio and Milito, Rodolfo and Zhu, Jiang
                  and Addepalli, Sateesh},
  booktitle =  {Proceedings of the workshop
                  on Mobile computing},
  year =   2012,
}

@article{sill2017standards,
  title={Standards at the edge of the cloud},
  author={Sill, Alan},
  journal={IEEE Cloud Computing},
  volume={4},
  number={2},
  year={2017},
  publisher={IEEE}
}

@Misc{claudit,
  author =   {{CLAudit project}},
  title =  {Planetary-scale cloud latency auditing platform},
  howpublished = {\url{http://claudit.feld.cvut.cz/}},
  year =   2017
}
@article{elbamby2018toward,
  title =  {Toward low-Latency and ultra-reliable virtual
                  Reality},
  author = {Elbamby, Mohammed S and Perfecto, Cristina and Bennis, Mehdi and Doppler, Klaus},
  journal =  {IEEE Network},
  year =   2018,
  volume =   32,
  number =   2
}

